@online{alg1,
    author =       "Nicholas Schwab; Ferdinand Wagner",
    title =        "{Algebra I by Jens Franke (lecture notes)}",
    eprinttype  = {GitHub},
    eprint      = {https://github.com/Nicholas42/AlgebraFranke/tree/master/AlgebraI}
}

@book{matsumuraCRT,
	title={Commutative Ring Theory},
	author={Matsumura, H. and Reid, M.},
	isbn={9780521367646},
	lccn={86011691},
	series={Cambridge Studies in Advanced Mathematics},
	url={http://www.math.unam.mx/javier/Matsumura.pdf},
	year={1989},
	publisher={Cambridge University Press}
}

